4872 6496
1191 652 351 212 rbs
1391 652 802 212 fortitudinis
2043 652 501 212 nostre
2394 652 401 212 syon
2644 652 601 212 saluator
3095 652 702 212 ponetuirin
3646 652 251 212 e
3747 652 451 212 murus
4047 652 301 212 er
4148 652 200 212 an

998 1000 325 193 te
1160 1000 488 193 muale
1486 1000 596 193 aperite
1919 1000 542 193 portas
2299 1000 434 193 quva
2570 1000 705 193 iobistrim
3111 1000 434 193 deus
3382 1000 596 193 allelia
3816 1000 596 193 evoval.
4195 1000 163 193 .

1954 1342 803 179 plantabis
2572 1342 556 179 uneam
2943 1342 371 179 in
3128 1342 741 179 imontibz
3684 1342 371 179 tu
3870 1342 371 179 is
3993 1342 309 179 ete

846 1351 1034 183 horsalen

1011 1652 799 205 iltabis
1593 1652 654 205 qiuia
2029 1652 581 205 dies
2392 1652 654 205 domii
2828 1652 509 205 ien
3119 1652 509 205 ent
3409 1652 654 205 luige
3918 1652 436 205 on
4063 1652 291 205 on

1032 1994 668 182 ieitete
1518 1994 365 182 ad
1701 1994 365 182 de
1883 1994 304 182 m
2004 1994 365 182 tu
2187 1994 365 182 un
2369 1994 547 182 gauid
2733 1994 365 182 et
2916 1994 486 182 leta
3219 1994 365 182 ie
3402 1994 365 182 ia
3584 1994 425 182 cob
3827 1994 486 182 qiia
4070 1994 243 182 de

1005 2288 909 258 inedio
1641 2288 727 258 gena
2095 2288 1090 258 maliator
2913 2288 545 258 tr
3186 2288 818 258 lsiei
3731 2288 545 258 ev
3913 2288 363 258 is

1014 2652 316 268 a
1140 2652 569 268 hbano
1520 2652 443 268 iei
1773 2652 380 268 et
1963 2652 822 268 ersanolus
2595 2652 696 268 demonte
3101 2652 696 268 umbroso
3607 2652 380 268 et
3734 2652 633 268 ondenlo.

1786 3005 875 210 goedietur
2459 3005 740 210 dominis
2997 3005 404 210 de
3199 3005 606 210 saman
3603 3005 337 210 a
3670 3005 404 210 apor

1006 3056 577 186 Daluici
1373 3056 262 186 īn

1013 3350 388 205 ta
1207 3350 453 205 que
1466 3350 906 205 respicatad
2178 3350 388 205 oi
2372 3350 388 205 en
2566 3350 453 205 tem
2825 3350 388 205 et
3019 3350 776 205 iieniens
3601 3350 388 205 in
3730 3350 647 205 bechleen

1033 3661 851 236 ambulans
1671 3661 709 236 sluger
2168 3661 355 236 a
2309 3661 1205 236 quasoebemptio
3302 3661 425 236 is
3515 3661 425 236 ir
3657 3661 496 236 drune

3342 4040 377 133 de
3468 4040 314 133 lie

1005 4064 515 157 sal
1300 4064 588 157 ulis
1667 4064 368 157 e
1814 4064 441 157 it
2035 4064 515 157 oms
2329 4064 588 157 homo
2696 4064 515 157 qia
2917 4064 294 157 ee

1029 4379 416 236 in
1237 4379 624 236 eb.ve
1653 4379 416 236 ls
1861 4379 694 236 ahbano
2347 4379 694 236 ieniet
2833 4379 416 236 et
3041 4379 694 236 santis
3526 4379 763 236 demonte
4012 4379 347 236 unm

3796 4695 380 146 Sno
3959 4695 326 146 ster

3257 4740 290 134 Eer

990 4688 1279 249 broscondn
1973 4688 689 249 so.
2269 4688 885 249 Luneih.

1038 5066 777 183 adueniet
1621 5066 324 183 r
1750 5066 518 183 stus
2074 5066 583 183 quoin
2463 5066 583 183 iohan
2851 5066 388 183 es
3045 5066 906 183 preditauit
3693 5066 647 183 agnumese

2483 5420 502 175 agnus
2818 5420 390 175 dei
3041 5420 390 175 ode
3264 5420 335 175 qi
3431 5420 390 175 tol
3654 5420 390 175 lit
3877 5420 390 175 per
4044 5420 279 175 ata

1024 5394 1044 192 ienturum.
1746 5394 241 192 v
