4872 6496
505 636 650 240 naduentu
992 636 433 240 din.
1263 636 325 240 at
1426 636 596 240 rcsvas.
1913 636 325 240 Ie
2076 636 433 240 dius
2346 636 379 240 int
2563 636 325 240 ùͦ
2726 636 325 240 si
2888 636 433 240 oate
3159 636 433 240 celi
3376 636 487 240 drsupi.

915 1044 375 120 Eoce
1149 1044 468 120 nonien
1477 1044 515 120 donuini
1805 1044 234 120 iue

1981 1038 336 165 uit
2173 1038 240 165 r
2269 1038 479 165 longin
2604 1038 384 165 qllo
2844 1038 240 165 t
2940 1038 240 165 i
3036 1038 288 165 in
3180 1038 671 165 elwangrlis
3659 1038 192 165 ā

549 1345 590 191 laritas
979 1345 376 191 eis
1193 1345 537 191 irplct
1569 1345 537 191 orbtii
1944 1345 429 191 rraꝝ
2213 1345 322 191 vo
2373 1345 429 191 vae,
2642 1345 322 191 nd
2803 1345 751 191 uitatwann.
3393 1345 429 191 gurn
3661 1345 322 191 tr
3822 1345 161 191 .

877 1663 433 223 ue
1094 1663 505 223 nit
1382 1663 505 223 irs
1671 1663 433 223 oa
1888 1663 578 223 inus
2249 1663 1083 223 obuasaliato
3115 1663 505 223 it.
3331 1663 578 223 pvenn.

828 2015 356 201 ora
1032 2015 356 201 cst
1235 2015 407 201 iain
1489 2015 356 201 nos
1693 2015 305 201 de
1845 2015 458 201 somna
2151 2015 509 201 sugerr
2507 2015 305 201 et
2659 2015 458 201 apert
2964 2015 407 201 sunt
3219 2015 407 201 ocil
3473 2015 407 201 ald.
3677 2015 203 201 ua

550 2343 455 194 nostu
854 2343 556 194 surgair
1258 2343 303 194 ad
1409 2343 404 194 epin
1662 2343 404 194 qiia
1915 2343 354 194 lur
2117 2343 354 194 icr
2319 2343 354 194 est
2521 2343 556 194 fulgens
2925 2343 303 194 in
3077 2343 455 194 elis.
3329 2343 455 194 evovae.

717 2696 325 196 oz
879 2696 758 196 sproceslit
1475 2696 433 196 dies
1746 2696 541 196 autein
2125 2696 487 196 aprop
2449 2696 596 196 inqabit
2882 2696 704 196 abitiamil
3424 2696 433 196 ergo
3640 2696 217 196 pa

548 3034 678 168 tenebrar
1114 3034 452 168 inbn
1396 3034 283 168 r
1509 3034 452 168 aima
1792 3034 565 168 liicis
2187 3034 396 168 sie
2414 3034 396 168 uit
2640 3034 452 168 indi
2922 3034 622 168 honestr
3374 3034 791 168 aibuleniin
3939 3034 283 168 unr

752 3382 731 169 eckleeni
1301 3382 548 169 nones
1666 3382 670 169 minuain
2154 3382 853 169 princibrbr
2824 3382 366 169 in
3007 3382 366 169 da
3190 3382 488 169 erte
3494 3382 427 169 eum
3738 3382 305 169 i

533 3711 409 174 iet
766 3711 468 174 diur
1059 3711 701 174 giuirgat
1585 3711 584 174 popuun
2052 3711 292 174 u
2228 3711 643 174 isirhel
2695 3711 468 174 ipse
2987 3711 292 174 i
3104 3711 292 174 n
3221 3711 584 174 saluun
3572 3711 292 174 fa¬

508 4051 384 164 ir
700 4051 703 164 populum
1212 4051 448 164 ium
1467 4051 320 164 a
1595 4051 703 164 pettaus
2107 4051 512 164 cor.
2427 4051 512 164 evov
2746 4051 448 164 as.
2938 4051 192 164 a

3179 4107 296 129 ai
3327 4107 394 129 ntes
3524 4107 345 129 qlkat

528 4398 459 179 hora
815 4398 402 179 est
1044 4398 402 179 ian
1274 4398 402 179 ios
1504 4398 345 179 de
1676 4398 574 179 sompnd
2078 4398 574 179 suigee
2480 4398 459 179 uunr
2767 4398 345 179 im
2940 4398 804 179 propiorest
3571 4398 402 179 nos
3744 4398 172 179 i

1403 4739 484 174 salu.
1726 4739 484 174 qiaim
2049 4739 430 174 cuin
2318 4739 753 174 credidumus
2909 4739 323 174 no
3071 4739 699 174 pretrsfit
3555 4739 269 174 bie

1404 5082 640 178 Alitli
1852 5082 320 178 n
1980 5082 512 178 vpln
2300 5082 640 178 ilabit
2749 5082 448 178 rvo
3005 5082 384 178 va
3133 5082 384 178 kin.

1367 5426 450 180 l.
1592 5426 600 180 iens
1967 5426 600 180 alon
2342 5426 450 180 ge
2568 5426 450 180 tr
2793 5426 600 180 udro
3093 5426 375 180 ir.
