4872 6496
1322 659 560 209 piritus
1730 659 560 209 sanchis
2137 659 306 209 in
2290 659 306 209 te
2443 659 662 209 destendet
2952 659 407 209 maia
3206 659 306 209 ie
3359 659 509 209 tuneas
3716 659 560 209 habebis
4072 659 204 209 in

1067 942 482 242 itere
1389 942 482 242 filiu
1711 942 322 242 di
1871 942 643 242 allelia.
2354 942 375 242 evo
2568 942 482 242 vae.*
2890 942 322 242 ad
3051 942 482 242 atsue
3372 942 643 242 nillaā.
3801 942 590 242 ocundare.

1145 1295 503 264 koe
1432 1295 574 264 dndi
1791 1295 431 264 ar
2006 1295 503 264 lbn
2294 1295 503 264 nes
2581 1295 574 264 lihn
2940 1295 646 264 hivn.
3370 1295 718 264 eiuugo
3873 1295 431 264 on
4016 1295 503 264 aneb.

1355 1661 333 182 De
1521 1661 555 182 timeas
1909 1661 444 182 imaa
2187 1661 721 182 inuenisti
2741 1661 388 182 grn
2963 1661 388 182 ain
3185 1661 444 182 apud
3462 1661 610 182 dominum
3906 1661 388 182 eoe
4073 1661 277 182 con

3440 1958 499 206 Fana
3751 1958 312 206 h
3814 1958 249 206 an

1064 2003 501 194 cpies
1398 2003 334 194 er
1565 2003 501 194 pares
1899 2003 556 194 filiun
2288 2003 723 194 alleliuia
2844 2003 389 194 evo
3011 2003 334 194 vae.

1304 2317 481 234 icaite
1641 2317 433 234 filie
1930 2317 385 234 syon
2170 2317 385 234 ecte
2411 2317 337 234 ier
2603 2317 433 234 tuuis
2892 2317 481 234 ieniet
3229 2317 385 234 tibi
3470 2317 241 234 y
3566 2317 289 234 on
3710 2317 289 234 ol
3855 2317 385 234 tuie
4095 2317 289 234 re
4191 2317 193 234 er

1074 2644 333 245 ce
1240 2644 388 245 rez
1462 2644 444 245 tuis
1739 2644 610 245 ieniet.
2183 2644 388 245 evo
2404 2644 388 245 vae
2626 2644 555 245 pratis
3015 2644 444 245 dieb
3292 2644 444 245 a.vi
3569 2644 665 245 iientuis
4013 2644 277 245 est

1093 2970 518 211 iensiet
1470 2970 283 211 et
1611 2970 330 211 non
1800 2970 565 211 tardabit
2224 2970 330 211 iam
2412 2970 330 211 non
2600 2970 377 211 erit
2836 2970 424 211 timor
3119 2970 283 211 in
3260 2970 424 211 finib
3543 2970 518 211 nostrùs
3920 2970 330 211 evo
4108 2970 330 211 vae
4249 2970 236 211 aͦ.

3548 3347 290 118 i
3664 3347 348 118 to
3780 3347 581 118 adiienti

1324 3345 321 168 eni
1508 3345 275 168 er
1645 3345 458 168 libera
1966 3345 321 168 nos
2149 3345 413 168 deris
2424 3345 504 168 noster.
2791 3345 321 168 evo
2974 3345 321 168 vā
3158 3345 229 168 ia.

2859 3691 397 147 van
3086 3691 568 147 domine
3484 3691 511 147 rgita
3768 3691 624 147 poteitiam

1104 3702 500 165 eriie
1438 3702 389 165 nos
1660 3702 556 165 doiine
2049 3702 389 165 evo
2272 3702 445 165 vae.
2494 3702 167 165 a

2959 3783 464 164 vld
3158 3783 1193 164 imōgrebiegiruga

2926 3883 396 164 dera.
3190 3883 264 164 v.
3322 3883 661 164 tgiedietuir
3851 3883 308 164 doˀ
4027 3883 264 164 de
4115 3883 176 164 lo

1099 3993 365 212 Der
1307 3993 365 212 ien
1516 3993 313 212 ad
1673 3993 678 212 saluandum
2194 3993 365 212 nos
2403 3993 261 212 .
2507 3993 417 212 evov
2768 3993 522 212 aevͤtz
3133 3993 417 212 spon
3394 3993 417 212 spos
3655 3993 417 212 ide.
3863 3993 261 212 in.

3791 4361 276 147 De
3929 4361 414 147 petra
4159 4361 184 147 de

1428 4313 479 243 mitte
1747 4313 479 243 agnum
2067 4313 532 243 domine
2439 4313 479 243 domin
2759 4313 586 243 atoreim
3185 4313 479 243 teie.
3451 4313 213 243 vͦ

2965 4459 256 171 d
3067 4459 923 171 cursvimiebunit
3836 4459 308 171 g.
3939 4459 461 171 soinē.

2834 4551 763 196 vͦslomento
3433 4551 381 196 nī
3651 4551 327 196 do
3814 4551 327 196 in
3978 4551 327 196 be
4087 4551 272 196 vˀo

1111 4674 486 240 sorti
1435 4674 324 240 ad
1597 4674 539 240 montem
1974 4674 539 240 filbie
2352 4674 432 240 son.
2622 4674 432 240 domu
2891 4674 432 240 mine
3161 4674 378 240 dͮs
3377 4674 701 240 iurtutum.
3916 4674 539 240 ouerte

3530 5064 267 125 a
3636 5064 640 125 tenmipts
4063 5064 320 125 inst

1379 5011 672 237 vezupgars
1896 5011 568 237 deomine
2309 5011 775 237 misereberis
2929 5011 465 237 syon.
3187 5011 207 237 vˀ

1127 5326 554 240 srendi
1514 5326 443 240 eius
1791 5326 388 240 qia
2013 5326 443 240 init
2290 5326 554 240 tempus
2678 5326 554 240 silise
3066 5326 277 240 v
3177 5326 332 240 b'
3343 5326 443 240 orat
3620 5326 332 240 li
3786 5326 499 240 desup
4063 5326 388 240 fucā
