4872 6496
971 646 394 222 in
1168 646 985 222 confessione
1956 646 328 222 e
2087 646 394 222 in
2284 646 788 222 psalinis
2875 646 788 222 iublemus
3466 646 328 222 e
3597 646 722 222 i.kuue.
4057 646 328 222 in.

1220 1012 532 197 vdite
1575 1012 592 197 ierbum
1989 1012 592 197 doimii
2403 1012 592 197 geites
2817 1012 355 197 et
2995 1012 710 197 annuntia
3527 1012 355 197 te
3704 1012 355 197 il
3882 1012 414 197 lud
4059 1012 237 197 in

1016 1328 530 213 finibi
1387 1328 371 213 ter
1599 1328 424 213 ir.r
1863 1328 318 213 in
2022 1328 583 213 insulis
2446 1328 371 213 que
2658 1328 477 213 procl
2976 1328 424 213 sunt
3241 1328 530 213 dsclte
3611 1328 636 213 saluator
4035 1328 212 213 no

999 1661 533 202 ster
1332 1661 399 202 ad
1532 1661 466 202 ien
1798 1661 333 202 .
1931 1661 333 202 v
2064 1661 399 202 so
2264 1661 466 202 lis
2530 1661 533 202 orti
2863 1661 399 202 et
3063 1661 533 202 octa
3396 1661 399 202 si
3595 1661 399 202 ab
3729 1661 399 202 aulo

2640 2004 557 165 stende
3030 2004 501 165 nobis
3364 2004 557 165 domine
3699 2004 668 165 misercordi

995 2006 528 268 ne
1259 2006 528 268 er
1523 2006 791 268 imanr
1962 2006 440 268 in.

1020 2316 511 252 aim
1312 2316 657 252 tuam.
1750 2316 803 252 nhaluta
2334 2316 584 252 tuum
2700 2316 803 252 danobis
3284 2316 730 252 slise.
3795 2316 365 252 i
3868 2316 365 252 ā.

1322 2681 455 224 icite
1626 2681 809 224 peusillanmis
2283 2681 809 224 confortamini
2940 2681 354 224 ece
3143 2681 556 224 dominus
3547 2681 404 224 deus
3800 2681 506 224 noster
4103 2681 253 224 iue

2282 3012 318 211 Ee
2441 3012 424 211 iigo
2706 3012 636 211 conapiet
3183 3012 318 211 et
3341 3012 530 211 pariet
3712 3012 318 211 si
3871 3012 424 211 lium
4083 3012 212 211 dr

1048 3067 490 187 Sniet.
1391 3067 245 187 e
1489 3067 294 187 vo
1636 3067 245 187 v
1685 3067 294 187 acih

3308 3369 1045 137 Vammirabilis
4092 3369 261 137 de

1027 3393 656 175 Jsdomi
1487 3393 459 175 uis
1749 3393 394 175 er
1946 3393 919 175 iuocabitur
2668 3393 591 175 nomen
2996 3393 394 175 euis

1048 3707 518 202 isfor
1394 3707 460 202 tis.
1682 3707 288 202 v
1797 3707 460 202 olli
2084 3707 691 202 teportas
2602 3707 691 202 prntipes
3120 3707 633 202 iestras
3581 3707 345 202 et
3696 3707 633 202 eleuanint

1034 4009 1129 270 porteeterna
1937 4009 527 270 les
2238 4009 376 270 t
2389 4009 602 270 ints
2765 4009 376 270 i
2916 4009 527 270 bit
3217 4009 602 270 us.h
3593 4009 753 270 bsocto
4045 4009 301 270 do

1707 4397 602 187 initte
2128 4397 542 187 qivem
2490 4397 542 187 missu
2851 4397 422 187 ses
3092 4397 422 187 ude
3333 4397 903 187 aflictionem
3995 4397 301 187 pos

1001 4472 426 116 Smine

1060 4672 806 293 piuliti
1646 4672 660 293 isiit
2086 4672 733 293 loctis
2599 4672 440 293 es
2819 4672 440 293 ie
3038 4672 440 293 ni
3258 4672 1026 293 elibeanos.
3991 4672 220 293 v

1180 5074 647 211 selis
1611 5074 934 211 ortietoca
2330 5074 1078 211 siuabaauils
3192 5074 431 211 ie
3336 5074 1006 211 etmaiait.f.¬

1282 5417 653 211 etentur
1757 5417 297 211 e
1875 5417 890 211 lietorultet
2588 5417 416 211 ter
2825 5417 356 211 ra
3003 5417 712 211 iubilate
3538 5417 594 211 montes
3953 5417 416 211 lan
4131 5417 297 211 den
